% ---------------------- Referências --------------------- %

% Aqui você encontra as informações necessárias para gerar referências. Basta completar as informações para cada classe de referência, ou pegar a referência em bib.tex que é comumente disponibilizada para artigos publicados em journals importantes.

@article{Damill2006,
   title = {The Argentinean Debt: History, Default and Restructuring}, author = {Damill, Mario and Frenkel, Roberto and Rapetti, Martín},
   journal = {Desarrollo Económico (Buenos Aires)},
   ISSN = {0046-001X},
   language = {en},
   URL = {http://socialsciences.scielo.org/scielo.php?script=sci_arttext&pid=S0046-001X2006000100001&nrm=iso},
   volume = {1},
   year = {2006},
   publisher = {scieloss},
}

@article{Ribas2021,
    author = {Hugo Ribas da Costa},
    title = {Impacto do impulso fiscal sobre o crescimento econômico em economias emergentes e desenvolvidas},
    URL = {https://repositorio.insper.edu.br/handle/11224/5733},
    year = {2021},
    journal = {Insper Repository},
}

@article{Alesina1998,
    author = {Alesina, Alberto and Ardagna, Silvia},
    title = {Tales of Fiscal Adjustment},
    journal = {Economic Policy},
    number = {27},
    year = {1998},
    doi = {10.1111/1468-0327.00039},
    url = {https://doi.org/10.1111/1468-0327.00039},
}

@article{McDermott1996,
  title = {An Empirical Analysis of Fiscal Adjustments},
  volume = {43},
  ISSN = {0020-8027},
  url = {http://dx.doi.org/10.2307/3867367},
  DOI = {10.2307/3867367},
  number = {4},
  journal = {Staff Papers - International Monetary Fund},
  publisher = {Springer Science and Business Media LLC},
  author = {McDermott, C. John and Wescott, Robert F.},
  year = {1996},
  month = {dec},
  pages = {725}
}

@article{Blanchard1990,
   author = {Olivier Jean Blanchard},
   title = {Suggestions for a New Set of Fiscal Indicators},
   year = {1990},
   number = {79}, 
   url = {https://www.oecd-ilibrary.org/content/paper/435618162862},
   doi = {https://doi.org/https://doi.org/10.1787/435618162862} 
}

@article{Cachanosky2018,
  title = {The Cost of Populism in Argentina,  2003-2015},
  ISSN = {2318-0811},
  url = {http://dx.doi.org/10.30800/mises.2018.v0.965},
  DOI = {10.30800/mises.2018.v0.965},
  journal = {MISES: Interdisciplinary Journal of Philosophy,  Law and Economics},
  publisher = {Interdisciplinary Journal of Philosophy,  Law and Economics},
  author = {Cachanosky,  Nicolas},
  year = {2018},
  month = nov 
}

@article{Blanchard2002,
  title = {An Empirical Characterization of the Dynamic Effects of Changes in Government Spending and Taxes on Output},
  volume = {117},
  ISSN = {1531-4650},
  url = {http://dx.doi.org/10.1162/003355302320935043},
  DOI = {10.1162/003355302320935043},
  number = {4},
  journal = {The Quarterly Journal of Economics},
  publisher = {Oxford University Press (OUP)},
  author = {Blanchard,  O. and Perotti,  R.},
  year = {2002},
  month = nov,
  pages = {1329–1368}
}

@techreport{fedelino2009computing,
  title        = {Computing Cyclically Adjusted Balances and Automatic Stabilizers},
  author       = {Fedelino, Annalisa and Ivanova, Anna and Horton, Mark},
  institution  = {International Monetary Fund},
  year         = {2009},
  month        = {November},
  note         = {Authorized by Carlo Cottarelli},
  url          = {https://www.imf.org/external/pubs/ft/tnm/2009/tnm0905.pdf},
}

@techreport{Martner2004,
  title        = {Tax Reforms and Fiscal Stabilisation in Latin American Countries},
  author       = {Ricardo Martner and Varinia Tromben},
  institution  = {United Nations Economic Commission for Latin America and the Caribbean (ECLAC)},
  year         = {2004},
  number       = {LC/L.2145-P},
  address      = {Santiago, Chile},
  isbn         = {92-1-1214483},
  url          = {https://repositorio.cepal.org/server/api/core/bitstreams/705c3e21-7443-4104-ba0b-c02d7e678088/content}
}

@techreport{IMFArgentina2004,
  author    = {Isabelle Mateos y Lago and Shinji Takagi and Ricardo Martin and Misa Takebe and Benjamin H. Cohen},
  title     = {The IMF and Argentina, 1991-2001},
  year      = {2004},
  publisher = {International Monetary Fund},
  address   = {Washington, D.C.},
  url       = {https://www.imf.org/external/np/ieo/2004/arg/eng/index.htm},
  note      = {Accessed: 2024-09-15},
}

@techreport{bcb_relatorio_inflacao_2010,
  author       = {{Banco Central do Brasil}},
  title        = {Relatório de Inflação - Junho 2010},
  institution  = {Banco Central do Brasil},
  year         = {2010},
  month        = {jun},
  type         = {Relatório Técnico},
  number       = {RELINF201006-ri201006P},
  address      = {Brasília},
  url          = {https://www.bcb.gov.br/content/ri/relatorioinflacao/201006/RELINF201006-ri201006P.pdf},
  note         = {Acesso em: 21 out. 2024}
}

@article{Daniel2019,
  title = {Battles over numbers: the case of the Argentine consumer price index (2007–2015)},
  volume = {48},
  ISSN = {1469-5766},
  url = {http://dx.doi.org/10.1080/03085147.2019.1579438},
  DOI = {10.1080/03085147.2019.1579438},
  number = {1},
  journal = {Economy and Society},
  publisher = {Informa UK Limited},
  author = {Daniel,  Claudia J. and Lanata Briones,  Cecilia T.},
  year = {2019},
  month = jan,
  pages = {127–151}
}
